<?xml version="1.0" encoding="UTF-8"?><collection xmlns="http://www.loc.gov/MARC21/slim"><record><leader>00483nam--2200145-i-4500</leader><controlfield tag="001">000042978</controlfield><controlfield tag="002">20161230</controlfield><controlfield tag="005">20161230201043</controlfield><controlfield tag="008">060222s1000------------r-----000-0-eng-d</controlfield><datafield ind1=" " ind2=" " tag="080"><subfield code="a">624:658.011</subfield></datafield><datafield ind1=" " ind2=" " tag="100"><subfield code="a">Stoica,Marcel Si Bruder,Alexandru</subfield></datafield><datafield ind1=" " ind2=" " tag="245"><subfield code="a">Metode decizionale pentru alegerea solutiilor constructive la cladiri</subfield></datafield><datafield ind1=" " ind2=" " tag="260"><subfield code="a">Bucuresti, Centrul De Documentare Pentru Constructii, Arhitectura Si Sistematizaare, 1971. 36 P</subfield></datafield><datafield ind1=" " ind2=" " tag="490"><subfield code="a">Sinteza Documentara</subfield></datafield><datafield ind1=" " ind2=" " tag="852"><subfield code="a">37946</subfield></datafield></record></collection>